@article{maenner2023prevalence,
  title={Prevalence and characteristics of autism spectrum disorder among children aged 8 yearsâ€”Autism and Developmental Disabilities Monitoring Network, 11 sites, United States, 2020},
  author={Maenner, Matthew J and Warren, Zachary and Williams, Ashley Robinson and others},
  journal={MMWR Surveillance Summaries},
  volume={72},
  number={2},
  pages={1--14},
  year={2023}
}

@article{zwaigenbaum2015early,
  title={Early intervention for children with autism spectrum disorder under 3 years of age: recommendations for practice and research},
  author={Zwaigenbaum, Lonnie and Bauman, Margaret L and Choueiri, Roula and others},
  journal={Pediatrics},
  volume={136},
  number={Supplement 1},
  pages={S60--S81},
  year={2015}
}

@article{daniels2014explaining,
  title={Explaining differences in age at autism spectrum disorder diagnosis},
  author={Daniels, Amy M and Mandell, David S},
  journal={Autism},
  volume={18},
  number={5},
  pages={583--597},
  year={2014}
}

@article{dawson2010randomized,
  title={Randomized, controlled trial of an intervention for toddlers with autism: the Early Start Denver Model},
  author={Dawson, Geraldine and Rogers, Sally and Munson, Jeffrey and others},
  journal={Pediatrics},
  volume={125},
  number={1},
  pages={e17--e23},
  year={2010}
}

@article{clark2018school,
  title={School age outcomes of children diagnosed early with autism spectrum disorder},
  author={Clark, Michelle LA and Vinen, Zoe and Barbaro, Josephine and Dissanayake, Cheryl},
  journal={Journal of Autism and Developmental Disorders},
  volume={48},
  number={7},
  pages={2176--2188},
  year={2018}
}

@article{mandell2005racial,
  title={Racial/ethnic disparities in the identification of children with autism spectrum disorders},
  author={Mandell, David S and Wiggins, Lisa D and Carpenter, Laura A and others},
  journal={American Journal of Public Health},
  volume={99},
  number={3},
  pages={493--498},
  year={2009}
}

@misc{idea2004,
  title={Individuals with Disabilities Education Improvement Act of 2004},
  author={{US Congress}},
  year={2004},
  note={Public Law 108-446}
}

@article{moscoe2015regression,
  title={Regression discontinuity designs are underutilized in medicine, epidemiology, and public health},
  author={Moscoe, Ellen and Bor, Jacob and B{\"a}rnighausen, Till},
  journal={Journal of Clinical Epidemiology},
  volume={68},
  number={2},
  pages={122--133},
  year={2015}
}

@article{doshi2017effect,
  title={The effect of state insurance mandates on infant behavioral therapy visits for autism spectrum disorder},
  author={Doshi-Velez, Finale and Ge, Yaorong and Kohane, Isaac},
  journal={Medical Care},
  volume={55},
  number={4},
  pages={392--397},
  year={2017}
}

@article{lee2010regression,
  title={Regression discontinuity designs in economics},
  author={Lee, David S and Lemieux, Thomas},
  journal={Journal of Economic Literature},
  volume={48},
  number={2},
  pages={281--355},
  year={2010}
}

@article{howlin2004adult,
  title={Adult outcome for children with autism},
  author={Howlin, Patricia and Goode, Susan and Hutton, Jane and Rutter, Michael},
  journal={Journal of Child Psychology and Psychiatry},
  volume={45},
  number={2},
  pages={212--229},
  year={2004}
}

@article{taylor2015employment,
  title={Employment and post-secondary educational outcomes in adults with autism spectrum disorder},
  author={Taylor, Julie Lounds and Henninger, Nicole A and Mailick, Marsha R},
  journal={Journal of the American Academy of Child \& Adolescent Psychiatry},
  volume={54},
  number={7},
  pages={522--529},
  year={2015}
}

@article{farley2009twenty,
  title={Twenty-year outcome for individuals with autism and average or near-average cognitive abilities},
  author={Farley, Megan A and McMahon, William M and Fombonne, Eric and others},
  journal={Autism Research},
  volume={2},
  number={2},
  pages={109--118},
  year={2009}
}

@article{pickles2016parent,
  title={Parent-mediated social communication therapy for young children with autism (PACT): long-term follow-up of a randomised controlled trial},
  author={Pickles, Andrew and Le Couteur, Ann and Leadbitter, Kathy and others},
  journal={The Lancet},
  volume={388},
  number={10059},
  pages={2501--2509},
  year={2016}
}

@article{dawson2008early,
  title={Early behavioral intervention is associated with normalized brain activity in young children with autism},
  author={Dawson, Geraldine and Jones, Emily JH and Merkle, Kristen and others},
  journal={Journal of the American Academy of Child \& Adolescent Psychiatry},
  volume={51},
  number={11},
  pages={1150--1159},
  year={2012}
}

@article{mundy2007joint,
  title={Joint attention, social competence, and developmental psychopathology},
  author={Mundy, Peter and Sullivan, Lisa and Mastergeorge, Ann M},
  journal={Developmental Psychopathology},
  volume={1},
  pages={293--332},
  year={2007}
}

@article{harris2000age,
  title={Age and IQ at intake as predictors of placement for young children with autism},
  author={Harris, Sandra L and Handleman, Jan S},
  journal={Journal of Autism and Developmental Disorders},
  volume={30},
  number={2},
  pages={137--142},
  year={2000}
}

@article{imbens2012optimal,
  title={Optimal bandwidth choice for the regression discontinuity estimator},
  author={Imbens, Guido and Kalyanaraman, Karthik},
  journal={The Review of Economic Studies},
  volume={79},
  number={3},
  pages={933--959},
  year={2012}
}

@article{calonico2014robust,
  title={Robust nonparametric confidence intervals for regression-discontinuity designs},
  author={Calonico, Sebastian and Cattaneo, Matias D and Titiunik, Rocio},
  journal={Econometrica},
  volume={82},
  number={6},
  pages={2295--2326},
  year={2014}
}

@article{mccrary2008manipulation,
  title={Manipulation of the running variable in the regression discontinuity design: A density test},
  author={McCrary, Justin},
  journal={Journal of Econometrics},
  volume={142},
  number={2},
  pages={698--714},
  year={2008}
}

@article{loomes2017male,
  title={What is the male-to-female ratio in autism spectrum disorder? A systematic review and meta-analysis},
  author={Loomes, Rachel and Hull, Laura and Mandy, William Polmear Locke},
  journal={Journal of the American Academy of Child \& Adolescent Psychiatry},
  volume={56},
  number={6},
  pages={466--474},
  year={2017}
}

@article{charman2011iq,
  title={IQ in children with autism spectrum disorders},
  author={Charman, Tony and Pickles, Andrew and Simonoff, Emily and others},
  journal={Psychological Medicine},
  volume={41},
  number={3},
  pages={619--627},
  year={2011}
}

@article{sandbank2020intervention,
  title={Project AIM: Autism intervention meta-analysis for studies of young children},
  author={Sandbank, Micheal and Bottema-Beutel, Kristen and Crowley, Shannon and others},
  journal={Psychological Bulletin},
  volume={146},
  number={1},
  pages={1--29},
  year={2020}
}

@article{duncan2019predictors,
  title={Predictors of adulthood quality of life for individuals diagnosed with autism spectrum disorder in childhood},
  author={Duncan, Amie W and Bishop, Somer L},
  journal={Autism},
  volume={23},
  number={6},
  pages={1457--1469},
  year={2019}
}

@article{johnson2015brain,
  title={Brain adaptation and alternative developmental trajectories},
  author={Johnson, Mark H and Jones, Emily JH and Gliga, Teodora},
  journal={Development and Psychopathology},
  volume={27},
  number={2},
  pages={425--442},
  year={2015}
}

@article{lai2014autism,
  title={Autism},
  author={Lai, Meng-Chuan and Lombardo, Michael V and Baron-Cohen, Simon},
  journal={The Lancet},
  volume={383},
  number={9920},
  pages={896--910},
  year={2014}
}

@article{hyman2020identification,
  title={Identification, evaluation, and management of children with autism spectrum disorder},
  author={Hyman, Susan L and Levy, Susan E and Myers, Scott M},
  journal={Pediatrics},
  volume={145},
  number={1},
  pages={e20193447},
  year={2020}
}

@article{mcconachie2018systematic,
  title={Systematic review of tools to measure outcomes for young children with autism spectrum disorder},
  author={McConachie, Helen and Parr, Jeremy R and Glod, Magdalena and others},
  journal={Health Technology Assessment},
  volume={19},
  number={41},
  pages={1--506},
  year={2015}
}

@article{mandell2009racial,
  title={Racial/ethnic disparities in the identification of children with autism spectrum disorders},
  author={Mandell, David S and Wiggins, Lisa D and Carpenter, Laura A and others},
  journal={American Journal of Public Health},
  volume={99},
  number={3},
  pages={493--498},
  year={2009}
}